@ARTICLE{Rizoiu2018,
  title           = "{SIR-Hawkes}",
  booktitle       = "Proceedings of the 2018 World Wide Web Conference on World
                     Wide Web - {WWW} '18",
  author          = "Rizoiu, Marian-Andrei and Mishra, Swapnil and Kong, Quyu
                     and Carman, Mark and Xie, Lexing",
  publisher       = "ACM Press",
  year            =  2018,
  address         = "New York, New York, USA",
  copyright       = "http://www.acm.org/publications/policies/copyright\_policy\#Background",
  conference      = "the 2018 World Wide Web Conference",
  location        = "Lyon, France"
}


@ARTICLE{Reinhart2018,
  title     = "A review of self-exciting spatio-temporal point processes and
               their applications",
  author    = "Reinhart, Alex",
  journal   = "Stat. Sci.",
  publisher = "Institute of Mathematical Statistics",
  volume    =  33,
  number    =  3,
  month     =  aug,
  year      =  2018
}


@MASTERSTHESIS{Dahlqvist2022,
  title    = "The self-exciting Hawkes processand dynamic contagion",
  author   = "Dahlqvist, Isak",
  editor   = "Kaj, Ingemar",
 
  year     =  2022,
  keywords = "Probability Theory and Statistics; Sannolikhetsteori och
              statistik"
}


@ARTICLE{Kresin2022,
  title     = "Comparison of Hawkes and seir models for the spread of covid-19",
  author    = "Kresin, Conor and Schoenberg, Frederic Paik and Mohler, George",
  journal   = "Adv. Appl. Stat.",
  publisher = "Pushpa Publishing House",
  volume    =  74,
  pages     = "83--106",
  month     =  mar,
  year      =  2022
}


@ARTICLE{Bertozzi2020,
  title     = "The challenges of modeling and forecasting the spread of
               {COVID-19}",
  author    = "Bertozzi, Andrea L and Franco, Elisa and Mohler, George and
               Short, Martin B and Sledge, Daniel",
  journal   = "Proc. Natl. Acad. Sci. U. S. A.",
  publisher = "Proceedings of the National Academy of Sciences",
  volume    =  117,
  number    =  29,
  pages     = "16732--16738",
  month     =  jul,
  year      =  2020,
  keywords  = "COVID-19; branching process; compartmental models; pandemic",
  copyright = "https://creativecommons.org/licenses/by/4.0/",
  language  = "en"
}



@ARTICLE{Lamprinakou2023,
  title    = "Using a latent Hawkes process for epidemiological modelling",
  author   = "Lamprinakou, Stamatina and Gandy, Axel and McCoy, Emma",
  journal  = "PLoS One",
  volume   =  18,
  number   =  3,
  pages    = "e0281370",
  month    =  mar,
  year     =  2023,
  language = "en"
}



@misc{Ko2024,
    title={Scaling Hawkes processes to one million COVID-19 cases},
    author={Seyoon Ko and Marc A. Suchard and Andrew J. Holbrook},
    year={2024},
    eprint={2407.11349},
    archivePrefix={arXiv},
    primaryClass={stat.CO}
}


@article{Calderon2022,
  title={Opinion Market Model: Stemming Far-Right Opinion Spread using Positive Interventions},
  author={Pio Calderon and Rohit Ram and Marian-Andrei Rizoiu},
  journal={ArXiv},
  year={2022},
  volume={abs/2208.06620},
  url={https://api.semanticscholar.org/CorpusID:251564891}
}

@misc{Lamprinakou2022,
    title={Age-stratified epidemic model using a latent marked Hawkes process},
    author={Stamatina Lamprinakou and Axel Gandy},
    year={2022},
    eprint={2208.09555},
    archivePrefix={arXiv},
    primaryClass={stat.ME}
}

@misc{Cakmakli2020,
    title={Bridging the COVID-19 Data and the Epidemiological Model using Time Varying Parameter SIRD Model},
    author={Cem Cakmakli and Yasin Simsek},
    year={2020},
    eprint={2007.02726},
    archivePrefix={arXiv},
    primaryClass={q-bio.PE}
}

@article{Casillas2024,
   title={A stochastic model for the early stages of highly contagious epidemics by using a state-dependent point process},
   volume={136},
   ISSN={1007-5704},
   url={http://dx.doi.org/10.1016/j.cnsns.2024.108100},
   DOI={10.1016/j.cnsns.2024.108100},
   journal={Communications in Nonlinear Science and Numerical Simulation},
   publisher={Elsevier BV},
   author={Ch√°vez Casillas, Jonathan A.},
   year={2024},
   month=sep, pages={108100} 
}


@misc{Mohler2023,
author = {George Mohler},
year = {2023},
month = {09},
pages = {},
title = {Lecture Notes for Computational Modeling of Contagion and Epidemics: A companion to "The Rules of Contagion" by A. Kucharski}
}


@ARTICLE{Schoenberg2023,
  title     = "Some statistical problems involved in forecasting and estimating
               the spread of {SARS-CoV-2} using Hawkes point processes and
               {SEIR} models",
  author    = "Schoenberg, Frederic",
  journal   = "Environ. Ecol. Stat.",
  publisher = "Springer Science and Business Media LLC",
  volume    =  30,
  number    =  4,
  pages     = "851--862",
  month     =  dec,
  year      =  2023,
  copyright = "https://creativecommons.org/licenses/by/4.0",
  language  = "en"
}


@ARTICLE{Garetto2021,
  title     = "A time-modulated Hawkes process to model the spread of
               {COVID-19} and the impact of countermeasures",
  author    = "Garetto, Michele and Leonardi, Emilio and Torrisi, Giovanni Luca",
  journal   = "Annu. Rev. Control",
  publisher = "Elsevier BV",
  volume    =  51,
  pages     = "551--563",
  month     =  mar,
  year      =  2021,
  keywords  = "Branching process; COVID-19; Compartmental models; Hawkes
               process",
  language  = "en"
}

